<?xml version="1.0" encoding="UTF-8"?><collection xmlns="http://www.loc.gov/MARC21/slim"><record><leader>00474nam--2200133-i-4500</leader><controlfield tag="001">000011030</controlfield><controlfield tag="002">20161230</controlfield><controlfield tag="005">20161230201029</controlfield><controlfield tag="008">060222s1000------------r-----000-0-eng-d</controlfield><datafield ind1=" " ind2=" " tag="080"><subfield code="a">621.3(043)</subfield></datafield><datafield ind1=" " ind2=" " tag="100"><subfield code="a">Bloch, Patrik</subfield></datafield><datafield ind1=" " ind2=" " tag="245"><subfield code="a">Les homogreffes hepatiques au cours du coma he patique experimental par necrose ischemique ai gue du foie. applications au traitement des ic teres graves. these</subfield></datafield><datafield ind1=" " ind2=" " tag="260"><subfield code="a">Paris, Faculte De Medicine Saint-antoine, 1973 119 P</subfield></datafield><datafield ind1=" " ind2=" " tag="852"><subfield code="a">40712</subfield></datafield></record></collection>